@Misc{RFC1034,
  author =    {P. Mockapetris},
  title =     {Domain names - concepts and facilities},
  howpublished = {RFC1034},
  year =      {1987},
}

@Misc{RFC1035,
  author =    {P. Mockapetris},
  title =     {Domain names - implementation and specification},
  howpublished = {RFC1035},
  year =      {1987},
}
